@article{romcomdead,
  author   	= {Emily Yahr},
  title    	= {The rom-com is dead. Good.},
  journal  	= {The Washington Post},
  year     	= {2016},
  month    	= {October},
  day      	= {6},
  url      	= {https://www.washingtonpost.com/lifestyle/style/the-rom-com-is-dead-good/2016/10/06/6d82a934-859c-11e6-ac72-a29979381495_story.html}
}

@article{romcombad,
  author   	= {Christopher Orr},
  title    	= {Why Are Romantic Comedies So Bad?},
  journal  	= {The Atlantic},
  year     	= {2013},
  month    	= {March},
  url      	= {https://www.theatlantic.com/magazine/archive/2013/03/why-are-romantic-comedies-so-bad/309236/}
}

@article{downfallromcom,
  author   	= {Kenzie Callahan},
  title    	= {The downfall of the romantic-comedy genre},
  journal  	= {The Post},
  year     	= {2024},
  month    	= {February},
  url      	= {https://www.thepostathens.com/article/2024/02/the-downfall-of-romantic-comedy}
}

@article{ldapaper,
  author   	= {David M. Blei and Andrew Y. Ng and Michael I. Jordan},
  title    	= {Latent Dirichlet Allocation},
  journal  	= {Journal of Machine Learning Research},
  year     	= {2003},
  volume   	= {3},
  pages    	= {993--1022},
  url      	= {https://www.jmlr.org/papers/volume3/blei03a/blei03a.pdf}
}

@article{pang2008opinion,
  author   	= {Bo Pang and Lillian Lee},
  title    	= {Opinion Mining and Sentiment Analysis},
  journal  	= {Foundations and Trends in Information Retrieval},
  year     	= {2008},
  volume   	= {2},
  number   	= {1-2},
  pages    	= {1--135},
  url      	= {https://www.cs.cornell.edu/home/llee/omsa/omsa.pdf}
}

@Manual{ldatuning,
  title = {ldatuning: An R Package for Tuning Latent Dirichlet Allocation Models},
  author = {M. Griffiths and J. Steyvers},
  year = {2021},
  note = {R package version 1.0.2},
  url = {https://cran.r-project.org/web/packages/ldatuning/index.html}
}
